%
% contenu du fichier : nemo.bib
%

%Référence d'une thèse
@PhDThesis{étiquette,
title = {CONTRIBUTIONALAMODELISATION DESRESEAUXNEMO},
author = {MmeABDELMALEKSLIMANEZohra},
school = {Université de Tlemcen},
year = {2012}
}

%Référence d'un Article
@Article{étiquette,
title = {Le support des r´eseaux mobiles dans IPv6},
author = {Thierry Ernst},
journal = {RSTI-TSI HAL},
volume* = {25},
year = {2006},
pages* = {573-597}
month = {séptembre}
note* = {<inria-00102315>}
}

%Référence d'un site internet 
@misc{étiquette,
author = {ICube},
title = {{DemoIPv6Nemo}},
howpublished = "\url{http://icube-reseaux.unistra.fr/index.php/DemoIPv6Nemo}"
}

%Référence d'un livre
@book{étiquette,
    author    = "David Garlitz",
    title     = "Association G6",
    year      = "2006",
    publisher = "Addison-Wesley",
    address   = "France"
}
